<record><leader>00000cas a22000007a 4500</leader><controlfield tag="001">19991257</controlfield><controlfield tag="008">890711d18981900pr dn ne      0    0spa d</controlfield><datafield ind1=" " ind2=" " tag="010"><subfield code="a">sn 89078096 </subfield></datafield><datafield ind1=" " ind2=" " tag="040"><subfield code="a">PNN</subfield><subfield code="b">eng</subfield><subfield code="c">PNN</subfield><subfield code="d">OCLCQ</subfield><subfield code="d">DLC</subfield><subfield code="d">OCLCF</subfield></datafield><datafield ind1=" " ind2=" " tag="042"><subfield code="a">msc</subfield></datafield><datafield ind1=" " ind2=" " tag="043"><subfield code="a">nwpr---</subfield></datafield><datafield ind1="0" ind2="0" tag="050"><subfield code="a">Newspaper</subfield></datafield><datafield ind1="0" ind2="3" tag="245"><subfield code="a">La nueva bandera.</subfield></datafield><datafield ind1=" " ind2=" " tag="260"><subfield code="a">Mayagu&#776;ez, P.R. :</subfield><subfield code="b">Imp. "El derecho regional"</subfield></datafield><datafield ind1=" " ind2=" " tag="300"><subfield code="a">v.</subfield></datafield><datafield ind1=" " ind2=" " tag="310"><subfield code="a">Daily (except Sunday)</subfield></datafield><datafield ind1="1" ind2=" " tag="362"><subfield code="a">Began in Sept. 1898. Ceased in 1900?</subfield></datafield><datafield ind1=" " ind2=" " tag="500"><subfield code="a">"Diario independiente."</subfield></datafield><datafield ind1=" " ind2=" " tag="500"><subfield code="a">Publisher change: Imp. las tres T., &lt;Jan. 6, 1899&gt;.</subfield></datafield><datafield ind1=" " ind2=" " tag="588"><subfield code="a">Description based on: An&#771;o 1, nu&#769;m. 25 (Oct. 19 de 1898).</subfield></datafield><datafield ind1=" " ind2=" " tag="588"><subfield code="a">Latest issue consulted: An&#771;o II, num. 214 (6 de Junio de 1899).</subfield></datafield><datafield ind1=" " ind2="0" tag="651"><subfield code="a">Mayagu&#776;ez (P.R.)</subfield><subfield code="v">Newspapers.</subfield></datafield><datafield ind1=" " ind2="7" tag="655"><subfield code="a">Newspapers.</subfield><subfield code="2">fast</subfield><subfield code="0">(OCoLC)fst01423814</subfield></datafield><datafield ind1=" " ind2="7" tag="651"><subfield code="a">Puerto Rico</subfield><subfield code="z">Mayagu&#776;ez.</subfield><subfield code="2">fast</subfield><subfield code="0">(OCoLC)fst01202670</subfield></datafield><datafield ind1=" " ind2=" " tag="752"><subfield code="a">United States</subfield><subfield code="b">Puerto Rico</subfield><subfield code="d">Mayagu&#776;ez.</subfield></datafield><datafield ind1="0" ind2="4" tag="785"><subfield code="t">Bandera americana</subfield><subfield code="w">(DLC)sn 90070043</subfield><subfield code="w">(OCoLC)21201727</subfield></datafield></record>